@article{sharma16,
	Author = {P.Sharma and L.Chaufournier and P.Shenoy and Y.C.Tay},
	Title = {Containers and Virtual Machines at Scale: A Comparitive Study},
	Journal = {ACM Middleware' 16, Proceedings of the 17th international middleware conference},
	ISBN = {978-1-4503-4300-8/16/12},
	Year = {2016},
	Number = {1},
	DOI = {http://dx.doi.org/10.1145/2988336.2988337}
}

@article{taleb17,
	Author = {T. Taleb and K. Samdanis and B.Mada and H.Flinck and S.Dutta and D.Sabella},
	Title = {On Multi-Access Edge Computing: A Survey of the Emerging 5G Network Edge Cloud Architecture and Orchestration},
	Journal = {IEEE Communications Surveys and Tutorials},
	Volume = {19},
	Number = {3},
	Pages = {1657--1681},
	Year = {2017},
	DOI = {http://dx.doi.org/10.1109/COMST.2017.2705720}
}

@article{mach17,
	Author = {Pavel Mach and Zdenek Becvar},
	Title = {Mobile Edge Computing: A Survey on Architecture and Computation Offloading},
	Journal = {IEEE Communications Surveys and Tutorials},
	Volume = {19},
	Number = {3},
	Pages = {1628--1656},
	Year = {2017},
	DOI = {http://dx.doi.org/10.1109/COMST.2017.2682318}
}

@online{docker,
	Title = {What is a Container},
	URL = {https://www.docker.com/resources/what-container}	
}

@online{kedge,
	Title = {KubeEdge},
	URL = {https://github.com/kubeedge/kubeedge/}
}

@online{kedgedoc,
	Title = {What is KubeEdge},
	URL = {https://docs.kubeedge.io/en/latest/modules/kubeedge.html}
}

@online{k8sarch,
    Title = {Kubernetes Design and Architecture},
    URL = {https://github.com/kubernetes/community/blob/master/contributors/design-proposals/architecture/architecture.md}
}

@online{k8scntmng,
    Title = {Kubernetes controller manager},
    URL = {https://kubernetes.io/docs/reference/command-line-tools-reference/kube-controller-manager/}
}

@online{k8spod,
    Title = {Pods},
    URL = {https://kubernetes.io/docs/concepts/workloads/pods/pod/}
}

@online{k8scri,
    Title = {Container Runtime Interface},
    URL = {https://github.com/kubernetes/community/blob/master/contributors/devel/sig-node/container-runtime-interface.md}
}

@online{osedge,
    Title = {Edge Computing Group/Edge Reference Architectures},
    URL = {https://wiki.openstack.org/wiki/Edge_Computing_Group/Edge_Reference_Architectures}
}

@reference{etsi02,
    Author = {ETSI NFV},
    Title = {Network Functions Virtualization; Architectural Framework},
    Key = {ETSI GS NFV 002 v1.2.1 (2014-12)},
    Institution = {ETSI NFV},
    Number = {RGS/NFV-002},
    Year = {2014},
    URL = {https://docbox.etsi.org/ISG/NFV/Open/Publications_pdf/Specs-Reports/NFV\%20002v1.2.1\%20-\%20GS\%20-\%20NFV\%20Architectural\%20Framework.pdf}
}

@reference{etsi04,
    Author = {ETSI NFV},
    Title = {Network Functions Virtualization; Virtualization Requirements},
    Key = {ETSI GS NFV 004 v1.1.1 (2013-12)},
    Institution = {ETSI NFV},
    Number = {RGS/NFV-002},
    Year = {2013},
    URL = {https://docbox.etsi.org/ISG/NFV/Open/Publications_pdf/Specs-Reports/NFV\%20002v1.2.1\%20-\%20GS\%20-\%20NFV\%20Architectural\%20Framework.pdf}
}

@reference{etsi01,
    Author = {ETSI NFV},
    Title = {Network Functions Virtualization; NFV Performance and Portability Best Practices},
    Key = {ETSI GS NFV-PER 001 v1.1.1 (2014-06)},
    Institution = {ETSI NFV},
    Number = {DGS/NFV-PER001},
    Year = {2014},
    URL = {https://www.etsi.org/deliver/etsi_gs/NFV-PER/001_099/001/01.01.01_60/gs_nfv-per001v010101p.pdf}
}

@reference{etsimec03,
    Author = {ETSI MEC},
    Title = {Multi-Access Edge Computing; Framework and Reference Architecture},
    Key = {ETSI GS MEC 003 v2.1.1 (2019-01)},
    Number = {RGS/MEC-0003v211Arch},
    Year = {2019},
    URL = {https://www.etsi.org/deliver/etsi_gs/MEC/001_099/003/02.01.01_60/gs_MEC003v020101p.pdf}
}

@article{etsi5g,
    Title = {ETSI's 5G Building Blocks},
    URL = {https://www.etsi.org/technologies/5g}
}

@article{etsimec,
    Title = {Multi-access Edge Computing},
    URL = {https://www.etsi.org/technologies/multi-access-edge-computing}
}

@article{mec5g,
    Author = {Yun Chao Hu and Milan Patel and Dario Sabella and Nurit Sprecher and Valerie Young},
    Title = {Mobile Edge Computing A key technology towards 5G},
    ISBN = {ISBN No. 979-10-92620-08-5},
    Year = {2015},
    Institute = {European Telecommunications Standards Institute},
    URL = {https://www.etsi.org/images/files/ETSIWhitePapers/etsi_wp11_mec_a_key_technology_towards_5g.pdf}
}

@blog{cloudservice,
    Author = {Prakhar Tyagi},
    Title = {Cloud Service Model â€“ Understand The Types, Characteristics, \& Advantages},
    URL = {http://blog.binaryinformatics.com/technology/what-is-the-cloud-service-model/},
    Year = {2018}
}

@online{openstack,
    Title = {OpenStack Conceptual Architecture},
    URL = {https://docs.openstack.org/install-guide/get-started-conceptual-architecture.html}
}
